%! Author = jbf
%! Date = 01.08.25

@manual{Main_Manuel_USTB2018,
  author    = {AixControl GmbH},
  title     = {USTB DWT (XCT0006-1) Main Manual V1.0},
  year      = {2018},
  publisher = {AixControl GmbH},
  location  = {Aachen}
}

@InCollection{Neumann2019,
  Year    = {2019},
  Title    = {Auszeichnungssprache},
  Author    = {Neumann, Prof. Dr. Gustaf},
  Booktitle    = {Gronau, Norbert ; Becker, Jörg ; Kliewer, Natalia ; Leimeister, Jan Marco ; Overhage, Sven (Herausgeber): Enzyklopädie der Wirtschaftsinformatik – Online-Lexikon},
  Publisher    = {Berlin : GITO},
  Url    = {https://wi-lex.de/index.php/lexikon/technologische-und-methodische-grundlagen/sprache/auszeichnungssprache/},
  Note    = {[Online; Stand 18. August 2025]}
}

@misc{PeterBrezany2003,
  title = {XML und Datenbanken},
  author = {Peter Brezany},
  year = {2003},
  Publisher    = {Institut für Softwarewissenschaften Universität Wien},
  howpublished = {chrome-extension://efaidnbmnnnibpcajpcglclefindmkaj/https://homepage.univie.ac.at/peter.brezany/teach/kfk/02ws-vo/skriptum/14-01-03.pdf}},
  note = {Zugriff am: 2025-09-22}
}

@Inbook{Becher2022,
author={Becher, Margit},
title={XML-Grundlagen},
bookTitle={XML: DTD, XML-Schema, XPath, XQuery, XSL-FO, SAX, DOM},
year={2022},
publisher={Springer Fachmedien Wiesbaden},
address={Wiesbaden},
isbn={978-3-658-35435-0},
doi={10.1007/978-3-658-35435-0_1},
url={https://doi.org/10.1007/978-3-658-35435-0_1}
}

@www{ElementTree2025,
  author = {Python},
  title = {xml.etree.ElementTree — The ElementTree XML API},
  date = {[Online; Stand 21. August 2025]},
  url = {https://docs.python.org/3/library/xml.etree.elementtree.html#module-xml.etree.ElementTree},
}

@misc{XPath2025,
  title = {Homepage Webhilfe Grundlagen XPath},
  author = {Benjamin Jung},
  year = {2025},
  howpublished = {\url{https://www.homepage-webhilfe.de/XML/XPath/}},
  note = {Zugriff am: 2025-09-22}
}

@misc{lxml2025-06-26.,
  title = {lxml - XML and HTML with Python},
  author = {Name des Autors oder der Organisation},
  year = {2025},
  howpublished = {\url{https://lxml.de/}},
  note = {Zugriff am: 2025-09-22}
}