%! Author = jbf
%! Date = 01.08.25



