%! Author = jbf
%! Date = 01.08.25

@manual{Main_Manuel_USTB2018,
  author    = {AixControl GmbH},
  title     = {USTB DWT (XCT0006-1) Main Manual V1.0},
  year      = {2018},
  publisher = {AixControl GmbH},
  location  = {Aachen}
}

@manual{Bedinungsanleitung_USTB2018,
  author    = {AixControl GmbH},
  title     = {USTB DWT Umrichter-Pr√ºfstand (XCT0006-1) V2.0},
  year      = {2018},
  publisher = {AixControl GmbH},
  location  = {Aachen}
}

@Inbook{Becher2022,
author="Becher, Margit",
title="XML-Grundlagen",
bookTitle="XML: DTD, XML-Schema, XPath, XQuery, XSL-FO, SAX, DOM",
year="2022",
publisher="Springer Fachmedien Wiesbaden",
address="Wiesbaden",
pages="1--22",
abstract="Dieses Kapitel f{\"u}hrt Sie in die Grundlagen von XML ein. Das Modell der
strukturierten Dokumente wird vorgestellt, der Aufbau eines XML-Dokumentes und die
wichtigsten Begriffe werden anhand vieler Beispiele erl{\"a}utert.",
isbn="978-3-658-35435-0",
doi="10.1007/978-3-658-35435-0_1",
url="https://doi.org/10.1007/978-3-658-35435-0_1"
}
